%% This BibTeX bibliography file was created using BibDesk.
%% http://bibdesk.sourceforge.net/


%% Created for Kerk Phillips at 2016-05-27 20:12:27 -0600 


%% Saved with string encoding Unicode (UTF-8) 



@techreport{EvansPhillips:2015,
	Author = {Richard W. Evans and Kerk L. Phillips},
	Date-Added = {2016-05-28 02:10:26 +0000},
	Date-Modified = {2016-05-28 02:12:15 +0000},
	Institution = {BYUMCL Working Paper Series},
	Number = {2015-01},
	Title = {Advantages of an Ellipse when Modeling Leisure Utility},
	Year = {2015}}
